% This file was created with JabRef 2.3.1.
% Encoding: UTF-8

@ARTICLE{lshort,
  author = {Tobias Oetiker and Hubert Partl and Irene Hyna and Elisabeth Schlegl},
  title = {The not so short introduction to LaTeX2e},
  year = {2010},
  institution = {CTAN},
  owner = {pedro},
  timestamp = {2010.03.23},
  url = {http://www.ctan.org/tex-archive/info/lshort/english/lshort.pdf}
}

@comment{jabref-meta: selector_publisher:}

@comment{jabref-meta: selector_author:}

@comment{jabref-meta: selector_journal:}

@comment{jabref-meta: selector_keywords:}

